<?xml version="1.0" encoding="UTF-8"?><collection xmlns="http://www.loc.gov/MARC21/slim"><record><leader>00451nam--2200169-i-4500</leader><controlfield tag="001">000008130</controlfield><controlfield tag="002">20161230</controlfield><controlfield tag="005">20161230201027</controlfield><controlfield tag="008">060222s1000------------r-----000-0-fre-d</controlfield><datafield ind1=" " ind2=" " tag="040"><subfield code="a">fre</subfield></datafield><datafield ind1=" " ind2=" " tag="080"><subfield code="a">537.2</subfield></datafield><datafield ind1="1" ind2=" " tag="100"><subfield code="a">Durand, E</subfield></datafield><datafield ind1="1" ind2="0" tag="245"><subfield code="a">Electrostatique. dielectriques</subfield><subfield code="b">Tome 3: methodes de calcul</subfield><subfield code="c">E. durand</subfield></datafield><datafield ind1=" " ind2=" " tag="260"><subfield code="a">Paris</subfield><subfield code="b">Masson Et C-ie, Editeurs</subfield><subfield code="c">1966</subfield></datafield><datafield ind1=" " ind2=" " tag="300"><subfield code="a">VII+389P</subfield></datafield><datafield ind1=" " ind2=" " tag="852"><subfield code="a">27328</subfield><subfield code="c">537:538</subfield></datafield><datafield ind1=" " ind2=" " tag="CAT"><subfield code="a">Sys</subfield><subfield code="c">20110614</subfield><subfield code="h">144035</subfield></datafield></record></collection>